\@book{ leffingwell,
       author = "Dean Leffingwell",
       title = "Agile Software Requirements: Lean Requirements Practices for Teams, Programs, and the Enterprise",
       edition = "5",
       publisher = "Addison Wesley",
       year = "2011" }
       
       